
@article{polcari,
author = {Polcari, John},
year = {2016},
month = {10},
pages = {},
title = {Representing Unitary Matrices by Independent Parameters - Rev 0}
}
